<?xml version="1.0" encoding="UTF-8"?>
<collection xmlns:xsi="http://www.w3.org/2001/XMLSchema-instance" xsi:schemaLocation="http://www.loc.gov/MARC21/slim http://www.loc.gov/standards/marcxml/schema/MARC21slim.xsd" xmlns="http://www.loc.gov/MARC21/slim">
<record>
  <leader>00833cam a2200265M  4500</leader>
  <controlfield tag="001">2984662</controlfield>
  <controlfield tag="003">NNC</controlfield>
  <controlfield tag="005">20150817132412.0</controlfield>
  <controlfield tag="008">940816s1971    iq       b    000 0cara  </controlfield>
  <datafield tag="010" ind1=" " ind2=" ">
    <subfield code="a">   72223522 </subfield>
  </datafield>
  <datafield tag="020" ind1=" " ind2=" ">
    <subfield code="c">1.25ID</subfield>
  </datafield>
  <datafield tag="035" ind1=" " ind2=" ">
    <subfield code="a">(OCoLC)ocm31086192</subfield>
  </datafield>
  <datafield tag="035" ind1=" " ind2=" ">
    <subfield code="9">ASN1849CU</subfield>
  </datafield>
  <datafield tag="035" ind1=" " ind2=" ">
    <subfield code="a">(NNC)2984662</subfield>
  </datafield>
  <datafield tag="040" ind1=" " ind2=" ">
    <subfield code="a">DLC</subfield>
    <subfield code="c">RBN</subfield>
    <subfield code="d">ZCU</subfield>
  </datafield>
  <datafield tag="050" ind1="0" ind2=" ">
    <subfield code="a">PJ7543</subfield>
    <subfield code="b">.U2</subfield>
  </datafield>
  <datafield tag="100" ind1="1" ind2=" ">
    <subfield code="a">ʻUbaydī, Jamāl Najm.</subfield>
  </datafield>
  <datafield tag="245" ind1="1" ind2="3">
    <subfield code="a">al-Rajaz,</subfield>
    <subfield code="b">nashʾatuhu, ashhar shuʻarāʾuh</subfield>
    <subfield code="c">[taʾlīf] Jamāl Najm al-ʻUbaydī.</subfield>
  </datafield>
  <datafield tag="250" ind1=" " ind2=" ">
    <subfield code="a">[al-Ṭabʻah 1]</subfield>
  </datafield>
  <datafield tag="260" ind1=" " ind2=" ">
    <subfield code="a">Baghdād</subfield>
    <subfield code="b">Maṭbaʻat al-Adīb al-Baghdādīyah</subfield>
    <subfield code="c">[1971]</subfield>
  </datafield>
  <datafield tag="300" ind1=" " ind2=" ">
    <subfield code="a">427 p.</subfield>
    <subfield code="c">24 cm.</subfield>
  </datafield>
  <datafield tag="502" ind1=" " ind2=" ">
    <subfield code="a">Risālat al-mājistēr--Jāmiʻat Baghdād, 1969.</subfield>
  </datafield>
  <datafield tag="504" ind1=" " ind2=" ">
    <subfield code="a">Bibliography: p. 406-422.</subfield>
  </datafield>
  <datafield tag="650" ind1=" " ind2="0">
    <subfield code="a">Arabic poetry</subfield>
    <subfield code="y">To 622</subfield>
    <subfield code="x">History and criticism.</subfield>
  </datafield>
  <datafield tag="955" ind1=" " ind2=" ">
    <subfield code="b">0036760510</subfield>
    <subfield code="d">glx</subfield>
    <subfield code="e">PJ7543 .U2</subfield>
  </datafield>
</record>
</collection>